%% This BibTeX bibliography file was created using BibDesk.
%% http://bibdesk.sourceforge.net/

%% Created for Chen Po Wei at 2018-02-08 16:47:19 +0800 


%% Saved with string encoding Unicode (UTF-8) 



@webpage{CryptocurrencyMarketCapitalizations,
	Date-Added = {2018-02-08 08:43:12 +0000},
	Date-Modified = {2018-02-08 08:44:51 +0000},
	Title = {Cryptocurrency Market Capitalizations},
	Url = {https://coinmarketcap.com/all/views/all/}}

@webpage{TheLargeBitcoinCollider,
	Date-Added = {2018-01-27 15:58:54 +0000},
	Date-Modified = {2018-01-27 16:56:19 +0000},
	Title = {The Large Bitcoin Collider},
	Url = {https://lbc.cryptoguru.org},
	Bdsk-Url-1 = {https://lbc.cryptoguru.org}}

@inproceedings{DBLP:conf/fse/KhovratovichRS12,
	Author = {Dmitry Khovratovich and Christian Rechberger and Alexandra Savelieva},
	Bibsource = {dblp computer science bibliography, http://dblp.org},
	Biburl = {http://dblp.org/rec/bib/conf/fse/KhovratovichRS12},
	Booktitle = {Fast Software Encryption - 19th International Workshop, {FSE} 2012, Washington, DC, USA, March 19-21, 2012. Revised Selected Papers},
	Crossref = {DBLP:conf/fse/2012},
	Date-Added = {2018-01-26 13:29:06 +0000},
	Date-Modified = {2018-01-26 13:29:06 +0000},
	Doi = {10.1007/978-3-642-34047-5_15},
	Pages = {244--263},
	Timestamp = {Tue, 23 May 2017 01:12:11 +0200},
	Title = {Bicliques for Preimages: Attacks on Skein-512 and the {SHA-2} Family},
	Url = {https://doi.org/10.1007/978-3-642-34047-5_15},
	Year = {2012},
	Bdsk-Url-1 = {https://doi.org/10.1007/978-3-642-34047-5_15}}

@proceedings{DBLP:conf/fse/2012,
	Bibsource = {dblp computer science bibliography, http://dblp.org},
	Biburl = {http://dblp.org/rec/bib/conf/fse/2012},
	Date-Added = {2018-01-26 13:29:06 +0000},
	Date-Modified = {2018-01-26 13:29:06 +0000},
	Doi = {10.1007/978-3-642-34047-5},
	Editor = {Anne Canteaut},
	Isbn = {978-3-642-34046-8},
	Publisher = {Springer},
	Series = {Lecture Notes in Computer Science},
	Timestamp = {Tue, 23 May 2017 01:12:11 +0200},
	Title = {Fast Software Encryption - 19th International Workshop, {FSE} 2012, Washington, DC, USA, March 19-21, 2012. Revised Selected Papers},
	Url = {https://doi.org/10.1007/978-3-642-34047-5},
	Volume = {7549},
	Year = {2012},
	Bdsk-Url-1 = {https://doi.org/10.1007/978-3-642-34047-5}}

@inproceedings{DBLP:conf/isw/MendelPRR06,
	Author = {Florian Mendel and Norbert Pramstaller and Christian Rechberger and Vincent Rijmen},
	Bibsource = {dblp computer science bibliography, http://dblp.org},
	Biburl = {http://dblp.org/rec/bib/conf/isw/MendelPRR06},
	Booktitle = {Information Security, 9th International Conference, {ISC} 2006, Samos Island, Greece, August 30 - September 2, 2006, Proceedings},
	Crossref = {DBLP:conf/isw/2006},
	Date-Added = {2018-01-26 13:29:06 +0000},
	Date-Modified = {2018-01-26 13:29:06 +0000},
	Doi = {10.1007/11836810_8},
	Pages = {101--116},
	Timestamp = {Fri, 02 Jun 2017 13:01:07 +0200},
	Title = {On the Collision Resistance of {RIPEMD-160}},
	Url = {https://doi.org/10.1007/11836810_8},
	Year = {2006},
	Bdsk-Url-1 = {https://doi.org/10.1007/11836810_8}}

@proceedings{DBLP:conf/isw/2006,
	Bibsource = {dblp computer science bibliography, http://dblp.org},
	Biburl = {http://dblp.org/rec/bib/conf/isw/2006},
	Date-Added = {2018-01-26 13:29:06 +0000},
	Date-Modified = {2018-01-26 13:29:06 +0000},
	Doi = {10.1007/11836810},
	Editor = {Sokratis K. Katsikas and Javier Lopez and Michael Backes and Stefanos Gritzalis and Bart Preneel},
	Isbn = {3-540-38341-7},
	Publisher = {Springer},
	Series = {Lecture Notes in Computer Science},
	Timestamp = {Fri, 02 Jun 2017 13:01:07 +0200},
	Title = {Information Security, 9th International Conference, {ISC} 2006, Samos Island, Greece, August 30 - September 2, 2006, Proceedings},
	Url = {https://doi.org/10.1007/11836810},
	Volume = {4176},
	Year = {2006},
	Bdsk-Url-1 = {https://doi.org/10.1007/11836810}}

@webpage{Base58,
	Author = {The Bitcoin Core developers},
	Date-Added = {2018-01-26 13:29:06 +0000},
	Date-Modified = {2018-01-27 16:57:21 +0000},
	Title = {Base58},
	Url = {https://github.com/bitcoin/bitcoin/blob/master/src/base58.cpp},
	Year = {2009},
	Bdsk-Url-1 = {https://github.com/bitcoin/bitcoin/blob/master/src/base58.cpp}}

@article{johnson2001elliptic,
	Author = {Johnson, Don and Menezes, Alfred and Vanstone, Scott},
	Date-Added = {2018-01-26 13:29:06 +0000},
	Date-Modified = {2018-01-26 13:29:06 +0000},
	Journal = {International Journal of Information Security},
	Number = {1},
	Pages = {36--63},
	Publisher = {Springer},
	Title = {The elliptic curve digital signature algorithm (ECDSA)},
	Volume = {1},
	Year = {2001}}

@webpage{Badsignaturesleading,
	Author = {BurtW},
	Date-Added = {2018-01-26 13:29:06 +0000},
	Date-Modified = {2018-01-27 16:57:30 +0000},
	Month = {August},
	Title = {Bad signatures leading to 55.82152538 BTC theft},
	Url = {https://bitcointalk.org/index.php?topic=271486.0},
	Year = {2013},
	Bdsk-Url-1 = {https://bitcointalk.org/index.php?topic=271486.0}}

@webpage{AndroidSecurityVulnerability,
	Author = {bitcoin.org},
	Date-Added = {2018-01-26 13:29:06 +0000},
	Date-Modified = {2018-01-27 16:57:44 +0000},
	Month = {August},
	Title = {Android Security Vulnerability},
	Url = {https://bitcoin.org/en/alert/2013-08-11-android},
	Year = {2013},
	Bdsk-Url-1 = {https://bitcoin.org/en/alert/2013-08-11-android}}

@webpage{SomeSecureRandomThoughts,
	Author = {Android Developers Blog},
	Date-Added = {2018-01-26 13:29:06 +0000},
	Date-Modified = {2018-01-27 16:56:04 +0000},
	Month = {August},
	Title = {Some SecureRandom Thoughts},
	Url = {https://android-developers.googleblog.com/2013/08/some-securerandom-thoughts.html},
	Year = {2013},
	Bdsk-Url-1 = {https://android-developers.googleblog.com/2013/08/some-securerandom-thoughts.html}}

@webpage{bitcoinfullnode,
	Author = {Addy Yeow},
	Date-Added = {2018-01-26 13:29:06 +0000},
	Date-Modified = {2018-01-27 16:57:11 +0000},
	Title = {Global Bitcoin Node Distribution},
	Url = {https://bitnodes.earn.com/},
	Bdsk-Url-1 = {https://bitnodes.earn.com/}}

@webpage{ethereum,
	Author = {Vitalik Buterin, Ethereum Foundation},
	Date-Added = {2018-01-26 13:29:06 +0000},
	Date-Modified = {2018-01-27 16:55:42 +0000},
	Month = {July},
	Title = {Ethereum},
	Url = {https://ethereum.org},
	Year = {2015},
	Bdsk-Url-1 = {https://ethereum.org}}

@webpage{ethereumclassic,
	Author = {Constantine Kryvomaz},
	Date-Added = {2018-01-26 13:29:06 +0000},
	Date-Modified = {2018-01-27 16:56:33 +0000},
	Month = {July},
	Title = {Ethereum Classic},
	Url = {https://ethereumclassic.github.io/},
	Year = {2015},
	Bdsk-Url-1 = {https://ethereumclassic.github.io/}}

@webpage{primecoin,
	Author = {Sunny King},
	Date-Added = {2018-01-26 13:29:06 +0000},
	Date-Modified = {2018-01-27 16:52:57 +0000},
	Month = {July},
	Title = {Primecoin},
	Url = {http://primecoin.io/},
	Year = {2013},
	Bdsk-Url-1 = {http://primecoin.io/}}

@webpage{namecoin,
	Author = {Daniel Kraft},
	Date-Added = {2018-01-26 13:29:06 +0000},
	Date-Modified = {2018-01-27 16:55:03 +0000},
	Month = {April},
	Title = {Namecoin},
	Url = {https://namecoin.org},
	Year = {2011},
	Bdsk-Url-1 = {https://namecoin.org}}

@webpage{dogecoin,
	Author = {Billy Markus},
	Date-Added = {2018-01-26 13:29:06 +0000},
	Date-Modified = {2018-01-27 16:56:44 +0000},
	Month = {December},
	Title = {DogeCoin},
	Url = {http://dogecoin.com},
	Year = {2013},
	Bdsk-Url-1 = {http://dogecoin.com}}

@webpage{litecoin,
	Author = {Charlie Lee},
	Date-Added = {2018-01-26 13:29:06 +0000},
	Date-Modified = {2018-01-27 16:55:22 +0000},
	Title = {Litecoin Official website},
	Url = {https://litecoin.org},
	Year = {2011},
	Bdsk-Url-1 = {https://litecoin.org}}

@article{Zero-KnowledgeProofsofIdentity,
	Author = {Uriel Feige and Amos Fiat and Adi Shamir},
	Bibsource = {dblp computer science bibliography, http://dblp.org},
	Biburl = {http://dblp.org/rec/bib/journals/joc/FeigeFS88},
	Date-Added = {2018-01-26 13:29:06 +0000},
	Date-Modified = {2018-01-26 13:29:06 +0000},
	Doi = {10.1007/BF02351717},
	Journal = {J. Cryptology},
	Number = {2},
	Pages = {77--94},
	Timestamp = {Thu, 18 May 2017 09:52:08 +0200},
	Title = {Zero-Knowledge Proofs of Identity},
	Url = {https://doi.org/10.1007/BF02351717},
	Volume = {1},
	Year = {1988},
	Bdsk-Url-1 = {https://doi.org/10.1007/BF02351717}}

@article{AsymmetricKeyCryptography,
	Author = {Panwar, Ayush Singh},
	Date-Added = {2018-01-26 13:29:06 +0000},
	Date-Modified = {2018-01-26 13:29:06 +0000},
	Journal = {Browser Download This Paper},
	Title = {Asymmetric Key Cryptography},
	Year = {2014}}

@misc{bitcoinpaper,
	Author = {Nakamoto, Satoshi},
	Date-Added = {2018-01-26 13:29:06 +0000},
	Date-Modified = {2018-01-26 13:29:06 +0000},
	Title = {Bitcoin: A peer-to-peer electronic cash system},
	Year = {2008}}

@article{test-en,
	Author = {Author},
	Date = {2014-04-01},
	Journal = {Journal},
	Language = {english},
	Title = {Title},
	Type = {J},
	Bdsk-File-1 = {YnBsaXN0MDDUAQIDBAUGJCVYJHZlcnNpb25YJG9iamVjdHNZJGFyY2hpdmVyVCR0b3ASAAGGoKgHCBMUFRYaIVUkbnVsbNMJCgsMDxJXTlMua2V5c1pOUy5vYmplY3RzViRjbGFzc6INDoACgAOiEBGABIAFgAdccmVsYXRpdmVQYXRoWWFsaWFzRGF0YW8QFwAuAC4AL1MXTqxZJ1t4U59Zy2WHTvYALwBwAGsAdQBjAGkAdABlAC4AYgBpAGLSFwsYGVdOUy5kYXRhTxEBdgAAAAABdgACAAAMTWFjaW50b3NoIEhEAAAAAAAAAAAAAAAAAAAAAAAAAEJEAAH/////C3BrdWNpdGUuYmliAAAAAAAAAAAAAAAAAAAAAAAAAAAAAAAAAAAAAAAAAAAAAAAAAAAAAAAAAAAAAAAAAAAAAP////8AAAAAAAAAAAAAAAAAAQACAAAKIGN1AAAAAAAAAAAAAAAAABClX6jKpGq+x63sqWyk5aXzAAIAPi86VXNlcnM6ZGF2aWRmaXNoOkRlc2t0b3A65YyX5Lqs5aSn5a245Y6f5aeL5paH5Lu2OnBrdWNpdGUuYmliAA4AGAALAHAAawB1AGMAaQB0AGUALgBiAGkAYgAPABoADABNAGEAYwBpAG4AdABvAHMAaAAgAEgARAASADxVc2Vycy9kYXZpZGZpc2gvRGVza3RvcC/ljJfkuqzlpKflrbjljp/lp4vmlofku7YvcGt1Y2l0ZS5iaWIAEwABLwAAFQACABD//wAAgAbSGxwdHlokY2xhc3NuYW1lWCRjbGFzc2VzXU5TTXV0YWJsZURhdGGjHR8gVk5TRGF0YVhOU09iamVjdNIbHCIjXE5TRGljdGlvbmFyeaIiIF8QD05TS2V5ZWRBcmNoaXZlctEmJ1Ryb290gAEACAARABoAIwAtADIANwBAAEYATQBVAGAAZwBqAGwAbgBxAHMAdQB3AIQAjgC/AMQAzAJGAkgCTQJYAmECbwJzAnoCgwKIApUCmAKqAq0CsgAAAAAAAAIBAAAAAAAAACgAAAAAAAAAAAAAAAAAAAK0}}

@article{test-zh,
	Author = {作者},
	Date = {2014-04-01},
	Journal = {期刊},
	Language = {chinese},
	Title = {标题},
	Type = {J}}
